<collection xmlns="http://www.loc.gov/MARC21/slim">
<record>
  <leader>02139nam0a22003491i 450 </leader>
  <controlfield tag="001">IT\ICCU\CNCE\025288</controlfield>
  <controlfield tag="005">20190802000000.0</controlfield>
  <datafield tag="012" ind1=" " ind2=" ">
    <subfield code="a">tomi 7.0. f-ra l&apos;au (3) 1569 (R)</subfield>
    <subfield code="2">fei</subfield>
  </datafield>
  <datafield tag="100" ind1=" " ind2=" ">
    <subfield code="a">19970925d1569        0itac0103    ba</subfield>
  </datafield>
  <datafield tag="101" ind1=" " ind2=" ">
    <subfield code="a">ITA</subfield>
  </datafield>
  <datafield tag="102" ind1=" " ind2=" ">
    <subfield code="a">IT</subfield>
  </datafield>
  <datafield tag="200" ind1="1" ind2=" ">
    <subfield code="a">℗La ℗seconda parte dello stato religioso, et via spirituale del r.p.f. Paolo Moriggia milanese, dell&apos;Ordine de&apos; giesuati di san Girolamo, diuisa in due libri: nella quale si contengono molte fruttuose ammonitioni, &amp; bellissimi ammaestramenti, non solo alli religiosi, ma etiandio a ciaschedun fedel cristiano, non meno vtili che necessarij. Con la tauola di tutto cio che nell&apos;opera si contiene; &amp; messo in margine tutte le auttorita della sacra scrittura, &amp; le cose notabili che in essa si contengono</subfield>
  </datafield>
  <datafield tag="210" ind1=" " ind2=" ">
    <subfield code="a">In Venetia</subfield>
    <subfield code="c">appresso Pietro da Fino</subfield>
    <subfield code="d">1569</subfield>
  </datafield>
  <datafield tag="215" ind1=" " ind2=" ">
    <subfield code="a">\8!, 191, \1! c.</subfield>
    <subfield code="c">ritr.</subfield>
    <subfield code="d">8ʻ</subfield>
  </datafield>
  <datafield tag="620" ind1=" " ind2=" ">
    <subfield code="a">IT</subfield>
    <subfield code="d">Venezia</subfield>
  </datafield>
  <datafield tag="700" ind1=" " ind2="1">
    <subfield code="a">Morigia,</subfield>
    <subfield code="b">Paolo</subfield>
    <subfield code="3">IT\ICCU\CNCA\005689</subfield>
  </datafield>
  <datafield tag="712" ind1="0" ind2="0">
    <subfield code="a">Da_Fino, Pietro</subfield>
    <subfield code="3">IT\ICCU\CNCT\000499</subfield>
    <subfield code="4">650</subfield>
  </datafield>
  <datafield tag="790" ind1=" " ind2="1">
    <subfield code="a">Morigi,</subfield>
    <subfield code="b">Paolo</subfield>
    <subfield code="3">IT\ICCU\CNCA\021011</subfield>
    <subfield code="z">Morigia, Paolo</subfield>
  </datafield>
  <datafield tag="791" ind1="0" ind2="2">
    <subfield code="a">Pietro da Fino</subfield>
    <subfield code="3">IT\ICCU\CNCT\002993</subfield>
    <subfield code="z">Da_Fino, Pietro</subfield>
  </datafield>
  <datafield tag="791" ind1="0" ind2="0">
    <subfield code="a">Fino, Pietro da</subfield>
    <subfield code="3">IT\ICCU\CNCT\002994</subfield>
    <subfield code="z">Da_Fino, Pietro</subfield>
  </datafield>
  <datafield tag="791" ind1="0" ind2="0">
    <subfield code="a">Fine, Petrus de</subfield>
    <subfield code="3">IT\ICCU\CNCT\004462</subfield>
    <subfield code="z">Da_Fino, Pietro</subfield>
  </datafield>
  <datafield tag="791" ind1="0" ind2="0">
    <subfield code="a">Fine, Pietro da</subfield>
    <subfield code="3">IT\ICCU\CNCT\004463</subfield>
    <subfield code="z">Da_Fino, Pietro</subfield>
  </datafield>
  <datafield tag="801" ind1=" " ind2="3">
    <subfield code="a">IT</subfield>
    <subfield code="b">ICCU</subfield>
    <subfield code="c">20201114</subfield>
  </datafield>
  <datafield tag="899" ind1=" " ind2=" ">
    <subfield code="a">Biblioteca estera - Biblioteca Universidad Complutense de Madrid. Madrid</subfield>
    <subfield code="1">AA0002</subfield>
  </datafield>
  <datafield tag="899" ind1=" " ind2=" ">
    <subfield code="a">Biblioteca Apostolica Vaticana. Citt ̉del Vaticano</subfield>
    <subfield code="1">EX0001</subfield>
    <subfield code="2">ZCV 01</subfield>
  </datafield>
  <datafield tag="899" ind1=" " ind2=" ">
    <subfield code="a">Biblioteca Marucelliana. Firenze</subfield>
    <subfield code="z">MUTILO</subfield>
    <subfield code="1">FI0101</subfield>
    <subfield code="2">CFI MF</subfield>
  </datafield>
  <datafield tag="899" ind1=" " ind2=" ">
    <subfield code="a">Biblioteca Ambrosiana. Milano</subfield>
    <subfield code="1">MI0133</subfield>
    <subfield code="2">VBA 01</subfield>
  </datafield>
  <datafield tag="899" ind1=" " ind2=" ">
    <subfield code="a">Biblioteca nazionale centrale. Roma</subfield>
    <subfield code="1">RM0267</subfield>
    <subfield code="2">BVE CR</subfield>
  </datafield>
  <datafield tag="899" ind1=" " ind2=" ">
    <subfield code="a">Biblioteca universitaria Alessandrina. Roma</subfield>
    <subfield code="1">RM0280</subfield>
    <subfield code="2">RML 01</subfield>
  </datafield>
  <datafield tag="899" ind1=" " ind2=" ">
    <subfield code="a">Biblioteca comunale. Treviso</subfield>
    <subfield code="1">TV0114</subfield>
    <subfield code="2">VIA CT</subfield>
  </datafield>
  <datafield tag="911" ind1=" " ind2=" ">
    <subfield code="a">Sul front.</subfield>
    <subfield code="9">IT\ICCU\CNCM\000060</subfield>
  </datafield>
  <datafield tag="921" ind1=" " ind2=" ">
    <subfield code="a">IT\ICCU\CNCM\000060</subfield>
    <subfield code="b">Gallo ad ali spiegate su  un globo poggiato su un libro chiuso.</subfield>
    <subfield code="e">Tota nocte excubo</subfield>
    <subfield code="c">Q41</subfield>
    <subfield code="c">V326</subfield>
    <subfield code="c">Z579</subfield>
    <subfield code="d">Dimensioni: 5 x 4,8</subfield>
    <subfield code="f">GALLO</subfield>
    <subfield code="f">MONDO</subfield>
    <subfield code="f">TOTANOCTEE</subfield>
    <subfield code="g">1557-1575</subfield>
  </datafield>
</record>
</collection>
